[gd_scene load_steps=20 format=2]

[ext_resource path="res://Character/player.gd" type="Script" id=1]
[ext_resource path="res://_SCRIPTS/Stats.gd" type="Script" id=2]
[ext_resource path="res://_ASSETS/GUI/GUI.gd" type="Script" id=3]
[ext_resource path="res://Misc/BottomGUI.gd" type="Script" id=4]
[ext_resource path="res://_ASSETS/GUI/skill_panel/atp_interface/active_skill.png" type="Texture" id=5]
[ext_resource path="res://_ASSETS/GUI/skill_panel/atp_interface/radial_hp/under.png" type="Texture" id=6]
[ext_resource path="res://_ASSETS/GUI/skill_panel/atp_interface/radial_hp/over.png" type="Texture" id=7]
[ext_resource path="res://_ASSETS/GUI/skill_panel/atp_interface/radial_hp/progress.png" type="Texture" id=8]
[ext_resource path="res://_ASSETS/GUI/skill_panel/atp_interface/passive_skill.png" type="Texture" id=9]
[ext_resource path="res://_ASSETS/GUI/skill_panel/atp_interface/pressed.png" type="Texture" id=10]
[ext_resource path="res://_ASSETS/GUI/skill_panel/atp_interface/pressed2.png" type="Texture" id=11]
[ext_resource path="res://_ASSETS/kenvector_future.ttf" type="DynamicFontData" id=12]
[ext_resource path="res://Misc/SkillContainer.tscn" type="PackedScene" id=13]
[ext_resource path="res://Character/View.gd" type="Script" id=14]
[ext_resource path="res://Character/avatar.scn" type="PackedScene" id=15]

[sub_resource type="CircleShape2D" id=1]

[sub_resource type="CapsuleShape2D" id=2]
radius = 12.0
height = 30.0

[sub_resource type="CapsuleShape2D" id=3]
radius = 6.0
height = 1.0

[sub_resource type="DynamicFont" id=4]
size = 40
outline_size = 4
outline_color = Color( 0, 0, 0, 1 )
use_mipmaps = true
use_filter = true
extra_spacing_char = -4
extra_spacing_space = 12
font_data = ExtResource( 12 )

[node name="player" type="KinematicBody2D"]
collision/safe_margin = 0.8
script = ExtResource( 1 )

[node name="walk_collision" type="CollisionShape2D" parent="."]
scale = Vector2( 2, 1 )
shape = SubResource( 1 )

[node name="hit_collision_body" type="CollisionShape2D" parent="."]
position = Vector2( 0, -24 )
shape = SubResource( 2 )
disabled = true

[node name="hit_collision_head" type="CollisionShape2D" parent="."]
position = Vector2( 0, -54 )
shape = SubResource( 3 )
disabled = true

[node name="Stats" type="Node" parent="."]
script = ExtResource( 2 )

[node name="TurningPoint" type="Position2D" parent="."]
position = Vector2( 0, -32 )

[node name="CastPoint" type="Position2D" parent="TurningPoint"]
position = Vector2( 24, 0 )

[node name="Screen" type="CanvasLayer" parent="."]

[node name="GUI" type="MarginContainer" parent="Screen"]
anchor_right = 1.0
anchor_bottom = 1.0
margin_left = 32.0
margin_top = 32.0
margin_right = -32.0
margin_bottom = -32.0
script = ExtResource( 3 )

[node name="Container" type="Control" parent="Screen/GUI"]
margin_right = 1216.0
margin_bottom = 656.0

[node name="BottomGUI" type="HBoxContainer" parent="Screen/GUI/Container"]
anchor_left = 0.5
anchor_top = 1.0
anchor_right = 0.5
anchor_bottom = 1.0
margin_left = -170.0
margin_top = -88.0
margin_right = 562.0
margin_bottom = 104.0
rect_scale = Vector2( 0.5, 0.5 )
size_flags_horizontal = 2
size_flags_vertical = 2
script = ExtResource( 4 )

[node name="T" type="CenterContainer" parent="Screen/GUI/Container/BottomGUI"]
margin_right = 192.0
margin_bottom = 192.0
rect_clip_content = true
size_flags_horizontal = 0
size_flags_vertical = 0

[node name="TrofContainer" type="CenterContainer" parent="Screen/GUI/Container/BottomGUI/T"]
modulate = Color( 0.858824, 0.517647, 0.121569, 1 )
margin_right = 192.0
margin_bottom = 192.0
rect_min_size = Vector2( 192, 192 )
rect_clip_content = true

[node name="TextureRect" type="NinePatchRect" parent="Screen/GUI/Container/BottomGUI/T/TrofContainer"]
margin_left = 32.0
margin_top = 32.0
margin_right = 160.0
margin_bottom = 160.0
grow_horizontal = 2
grow_vertical = 2
rect_min_size = Vector2( 128, 128 )
rect_clip_content = true
texture = ExtResource( 5 )
patch_margin_left = 16
patch_margin_top = 16
patch_margin_right = 16
patch_margin_bottom = 16

[node name="TextureProgress" type="TextureProgress" parent="Screen/GUI/Container/BottomGUI/T"]
margin_right = 192.0
margin_bottom = 192.0
rect_min_size = Vector2( 192, 192 )
step = 0.0
value = 94.96
texture_under = ExtResource( 6 )
texture_over = ExtResource( 7 )
texture_progress = ExtResource( 8 )
fill_mode = 5
tint_progress = Color( 1, 0.0235294, 0.0235294, 1 )
radial_initial_angle = 45.0

[node name="VBoxContainer" type="VBoxContainer" parent="Screen/GUI/Container/BottomGUI"]
margin_left = 196.0
margin_right = 732.0
margin_bottom = 186.0
size_flags_horizontal = 0
size_flags_vertical = 0

[node name="Container" type="Container" parent="Screen/GUI/Container/BottomGUI/VBoxContainer"]
margin_right = 536.0
margin_bottom = 2.0
rect_min_size = Vector2( 0, 2 )

[node name="PB" type="MarginContainer" parent="Screen/GUI/Container/BottomGUI/VBoxContainer"]
margin_top = 6.0
margin_right = 536.0
margin_bottom = 54.0

[node name="TextureProgress" type="TextureProgress" parent="Screen/GUI/Container/BottomGUI/VBoxContainer/PB"]
margin_right = 536.0
margin_bottom = 48.0
grow_horizontal = 2
rect_min_size = Vector2( 128, 48 )
size_flags_vertical = 0
step = 0.0
value = 46.17
texture_under = ExtResource( 9 )
texture_over = ExtResource( 5 )
texture_progress = ExtResource( 10 )
tint_over = Color( 1, 0.435294, 0.435294, 1 )
tint_progress = Color( 0.054902, 1, 0, 1 )
nine_patch_stretch = true
stretch_margin_left = 16
stretch_margin_top = 16
stretch_margin_right = 16
stretch_margin_bottom = 16

[node name="zapas" type="TextureProgress" parent="Screen/GUI/Container/BottomGUI/VBoxContainer/PB"]
margin_right = 536.0
margin_bottom = 48.0
grow_horizontal = 2
rect_min_size = Vector2( 128, 48 )
size_flags_vertical = 0
step = 0.0
value = 63.49
texture_under = ExtResource( 9 )
texture_over = ExtResource( 5 )
texture_progress = ExtResource( 11 )
tint_over = Color( 1, 0.435294, 0.435294, 1 )
tint_progress = Color( 1, 0.560784, 0, 1 )
nine_patch_stretch = true
stretch_margin_left = 16
stretch_margin_top = 16
stretch_margin_right = 16
stretch_margin_bottom = 16

[node name="Label" type="Label" parent="Screen/GUI/Container/BottomGUI/VBoxContainer/PB"]
margin_top = 1.0
margin_right = 536.0
margin_bottom = 46.0
custom_fonts/font = SubResource( 4 )
text = "000"
align = 1

[node name="SkillContainers" type="HBoxContainer" parent="Screen/GUI/Container/BottomGUI/VBoxContainer"]
margin_top = 58.0
margin_right = 536.0
margin_bottom = 186.0
rect_min_size = Vector2( 128, 128 )
rect_clip_content = true
custom_constants/separation = 8
alignment = 1

[node name="Skill1" parent="Screen/GUI/Container/BottomGUI/VBoxContainer/SkillContainers" instance=ExtResource( 13 )]

[node name="Skill2" parent="Screen/GUI/Container/BottomGUI/VBoxContainer/SkillContainers" instance=ExtResource( 13 )]
margin_left = 136.0
margin_right = 264.0

[node name="Skill3" parent="Screen/GUI/Container/BottomGUI/VBoxContainer/SkillContainers" instance=ExtResource( 13 )]
margin_left = 272.0
margin_right = 400.0

[node name="Skill4" parent="Screen/GUI/Container/BottomGUI/VBoxContainer/SkillContainers" instance=ExtResource( 13 )]
margin_left = 408.0
margin_right = 536.0

[node name="Skill5" parent="Screen/GUI/Container/BottomGUI/VBoxContainer/SkillContainers" instance=ExtResource( 13 )]
visible = false
margin_left = 136.0
margin_right = 264.0

[node name="Skill6" parent="Screen/GUI/Container/BottomGUI/VBoxContainer/SkillContainers" instance=ExtResource( 13 )]
visible = false
margin_left = 136.0
margin_right = 264.0

[node name="Top" type="HSplitContainer" parent="Screen/GUI/Container"]
visible = false
anchor_right = 1.0
margin_left = 958.924
margin_top = -7.75409
margin_right = 10.9243
margin_bottom = 56.2459

[node name="B1" type="Button" parent="Screen/GUI/Container/Top"]
margin_right = 128.0
margin_bottom = 64.0
rect_min_size = Vector2( 128, 64 )
focus_mode = 0
enabled_focus_mode = 0
text = "SAVE"

[node name="B2" type="Button" parent="Screen/GUI/Container/Top"]
margin_left = 140.0
margin_right = 268.0
margin_bottom = 64.0
rect_min_size = Vector2( 128, 64 )
focus_mode = 0
enabled_focus_mode = 0
text = "LOAD"

[node name="View" type="Node2D" parent="."]
script = ExtResource( 14 )

[node name="ViewportSprite" type="Sprite" parent="View"]
position = Vector2( 0, -36 )
scale = Vector2( 0.5, 0.5 )

[node name="Viewport" type="Viewport" parent="View"]
size = Vector2( 300, 300 )
own_world = true
transparent_bg = true
hdr = false
render_target_v_flip = true

[node name="avatar" parent="View/Viewport" instance=ExtResource( 15 )]

[node name="Camera" parent="View/Viewport/avatar" index="1"]
current = true
[connection signal="energy_changed" from="Stats" to="Screen/GUI/Container/BottomGUI" method="_on_Stats_energy_changed"]
[connection signal="zapas_changed" from="Stats" to="Screen/GUI/Container/BottomGUI" method="_on_Stats_zapas_changed"]

[editable path="View/Viewport/avatar"]
